<record><leader>00000cas a2200000 i 4500</leader><controlfield tag="001">9647325</controlfield><controlfield tag="008">830625d18481851inuwr ne      0   a0eng c</controlfield><datafield ind1=" " ind2=" " tag="010"><subfield code="a">sn 83025597 </subfield></datafield><datafield ind1=" " ind2=" " tag="040"><subfield code="a">NPV</subfield><subfield code="b">eng</subfield><subfield code="e">rda</subfield><subfield code="c">NPV</subfield><subfield code="d">NPU</subfield><subfield code="d">NPI</subfield><subfield code="d">CUI</subfield><subfield code="d">OCLCQ</subfield><subfield code="d">OCLCF</subfield><subfield code="d">IUL</subfield><subfield code="d">OCL</subfield></datafield><datafield ind1=" " ind2=" " tag="042"><subfield code="a">pcc</subfield></datafield><datafield ind1=" " ind2=" " tag="043"><subfield code="a">n-us-in</subfield></datafield><datafield ind1=" " ind2=" " tag="045"><subfield code="a">w4w5</subfield></datafield><datafield ind1=" " ind2="4" tag="050"><subfield code="a">AN</subfield></datafield><datafield ind1=" " ind2=" " tag="052"><subfield code="a">4093</subfield><subfield code="b">D3</subfield></datafield><datafield ind1="0" ind2="0" tag="245"><subfield code="a">Western commercial.</subfield></datafield><datafield ind1=" " ind2="1" tag="264"><subfield code="a">Aurora, Ind. :</subfield><subfield code="b">N.D. Folbre,</subfield><subfield code="c">1848-1851.</subfield></datafield><datafield ind1=" " ind2=" " tag="300"><subfield code="a">3 volumes ;</subfield><subfield code="c">61-64 cm</subfield></datafield><datafield ind1=" " ind2=" " tag="310"><subfield code="a">Weekly</subfield></datafield><datafield ind1=" " ind2=" " tag="336"><subfield code="a">text</subfield><subfield code="b">txt</subfield><subfield code="2">rdacontent</subfield></datafield><datafield ind1=" " ind2=" " tag="337"><subfield code="a">unmediated</subfield><subfield code="b">n</subfield><subfield code="2">rdamedia</subfield></datafield><datafield ind1=" " ind2=" " tag="338"><subfield code="a">volume</subfield><subfield code="b">nc</subfield><subfield code="2">rdacarrier</subfield></datafield><datafield ind1="0" ind2=" " tag="362"><subfield code="a">Volume I, number I (December 2, 1848)-v. 3, no. 22 (May 22, 1851).</subfield></datafield><datafield ind1=" " ind2=" " tag="500"><subfield code="a">Publishers: Dec. 1848-Dec. 1849, Folbre &amp; Murphy; Dec. 1849-May 1851, N.D. Folbre.</subfield></datafield><datafield ind1=" " ind2=" " tag="500"><subfield code="a">"A family newspaper, neutral in politics."</subfield></datafield><datafield ind1=" " ind2="0" tag="651"><subfield code="a">Aurora (Ind.)</subfield><subfield code="v">Newspapers.</subfield></datafield><datafield ind1=" " ind2="0" tag="651"><subfield code="a">Dearborn County (Ind.)</subfield><subfield code="v">Newspapers.</subfield></datafield><datafield ind1=" " ind2="7" tag="651"><subfield code="a">Indiana</subfield><subfield code="z">Dearborn County.</subfield><subfield code="2">fast</subfield><subfield code="0">(OCoLC)fst01216007</subfield></datafield><datafield ind1=" " ind2="7" tag="651"><subfield code="a">Indiana</subfield><subfield code="z">Aurora.</subfield><subfield code="2">fast</subfield><subfield code="0">(OCoLC)fst01238722</subfield></datafield><datafield ind1=" " ind2="7" tag="655"><subfield code="a">Newspapers.</subfield><subfield code="2">fast</subfield><subfield code="0">(OCoLC)fst01423814</subfield></datafield><datafield ind1=" " ind2=" " tag="752"><subfield code="a">United States</subfield><subfield code="b">Indiana</subfield><subfield code="c">Dearborn</subfield><subfield code="d">Aurora.</subfield></datafield><datafield ind1="0" ind2="0" tag="780"><subfield code="t">Western republican (Aurora, Ind.)</subfield><subfield code="w">(DLC)sn 84027265</subfield><subfield code="w">(OCoLC)10980370</subfield></datafield><datafield ind1="0" ind2="0" tag="785"><subfield code="t">Aurora standard</subfield><subfield code="w">(DLC)sn 85047676</subfield><subfield code="w">(OCoLC)11659652</subfield></datafield><datafield ind1="4" ind2="1" tag="856"><subfield code="u">https://access.newspaperarchive.com/us/indiana/aurora/aurora-western-commercial</subfield></datafield></record>